@mastersthesis{FemkeJanssenLit,
  author    = "Janssen, Femke",
  title     = "Short-term stability of 5th generation district heating and cooling  substations",
  school    = "TU Delft",
  year      = "2021",
  note      = "Literature Survey"
}
@misc{opdracht_eneco,
    author = "van den Bergh, Peter",
    title = "Eneco assignment setup",
    year = "2024"}

@inbook{bookMax,
title = "District Heating and Cooling",
author = "S. Werner",
publisher = "Studentlitteratur",
year = "2013",
pages = "21"
}

@online{WcWsite,
  author    = "Nationaal Programma Lokale Warmtetransitie",
  title     = "Wet collectieve warmte (Wcw)",
  year      = "2025",
  url       = "https://www.nplw.nl/wet-en-regelgeving/wet-collectieve-warmte-wcw",
  note      = "Accessed: 29-04-2025"
}

@online{nos2025warmtenetten,
  author    = "NOS Nieuwsuur",
  title     = "Overheid moet meer investeren om warmtenetten betaalbaar te maken",
  year      = "2025",
  url       = "https://nos.nl/nieuwsuur/artikel/2551705-overheid-moet-meer-investeren-om-warmtenetten-betaalbaar-te-maken",
  note      = "Accessed: 29-04-2025"
}

@online{DCSeneco,
  author    = "Eneco",
  title     = "Slimme energieconcepten",
  url       = "https://www.eneco.nl/grootzakelijk/warmte-koeling/projectontwikkelaars/",
  note      = "Accessed: 02-05-2025"
}

@phdthesis{bloemendal2018hidden,
  author    = "Martin Bloemendal",
  title     = "The hidden side of cities: Methods for governance, planning and design for optimal use of subsurface space with ATES",
  school    = "Delft University of Technology",
  year      = "2018",
  type      = "Doctoral dissertation",
  url       = "https://repository.tudelft.nl/record/uuid:0c6bcdac-6bf7-46c3-a4d3-53119c1a8606",
  doi       = "10.4233/uuid:0c6bcdac-6bf7-46c3-a4d3-53119c1a8606"
}

@online{tudelft_ates_triplet,
  author    = "TU Delft Urban Energy",
  title     = "ATES Triplet",
  url       = "https://www.tudelft.nl/urbanenergy/research/projects/ates-triplet",
  note      = "Accessed: 02-05-2025"
}

@online{IEAheating,
    author = "IEA",
    title = "350 million building units connected to district energy networks by 2030, provide about 20% of space heating needs",
    url = "https://www.iea.org/reports/350-million-building-units-connected-to-district-energy-networks-by-2030-provide-about-20-of-space-heating-needs",
    published = "September 2022",
    note = "Accessed: 06-05-2025"
}

@article{4GDH5GDH,
title = "Perspectives on fourth and fifth generation district heating",
journal = "Energy",
volume = "227",
pages = "120520",
year = "2021",
issn = "0360-5442",
doi = "https://doi.org/10.1016/j.energy.2021.120520",
author = "Henrik Lund and Poul Alberg Østergaard and Tore Bach Nielsen and Sven Werner and Jan Eric Thorsen and Oddgeir Gudmundsson and Ahmad Arabkoohsar and Brian Vad Mathiesen",
}

@online{tapwaterWet,
  title        = "Staatsblad van het Koninkrijk der Nederlanden",
  author       = "Ministerie van Economische Zaken en Klimaat",
  year         = "2019",
  url          = "https://zoek.officielebekendmakingen.nl/stb-2019-133.html",
  note    =  "Accessed: 12-05-2025"
}

@online{sustainableResources,
    title = "Low-temperature district heating systems: New guidebook proves technical feasibility and profitability",
    author = "Dr. Dietrich Schmidt",
    published = "08-09-2021",
    note    =  "Accessed: 12-05-2025",
    url = "https://www.iee.fraunhofer.de/en/presse-infothek/press-media/overview/2021/guidebook-low-temperature-district-heating-systems.html"}

@inbook{booklowT,
author = "Averfalk H and Benakopoulos T and Best I and Dammel F and Engel C and Geyer R and et al.",
title = "Low-Temperature District Heating Implementation Guidebook: Final Report of IEA DHC Annex TS2. Implementation of Low-Temperature District Heating Systems",
place = "Stuttgart",
publisher = "Fraunhofer IRB Verlag",
year = "2021",
page = 34
}

@online{fotoCooltoren,
url = "https://nl.wikipedia.org/wiki/Cooltoren",
title = "Cooltoren",
author = "Rotterdam1904",
note = "Accessed: 13-05-2025"
}

@online{warmtenetwerkenEneco,
url  = "https://www.eneco.nl/duurzame-energie/warmte-koeling/warmtenetten/",
title = "Onze warmtenetten",
author = "Eneco",
note    =  "Accessed: 19-05-2025"
}

@article{KUNTUAROVA,
title = {Design and simulation of district heating networks: A review of modeling approaches and tools},
journal = {Energy},
volume = {305},
pages = {132189},
year = {2024},
issn = {0360-5442},
doi = {https://doi.org/10.1016/j.energy.2024.132189},
url = {https://www.sciencedirect.com/science/article/pii/S0360544224019637},
author = {Saltanat Kuntuarova and Thomas Licklederer and Thanh Huynh and Daniel Zinsmeister and Thomas Hamacher and Vedran Perić},
}

@article{BROWN2022125060,
title = {Heating and cooling networks: A comprehensive review of modelling approaches to map future directions},
journal = {Energy},
volume = {261},
pages = {125060},
year = {2022},
issn = {0360-5442},
doi = {https://doi.org/10.1016/j.energy.2022.125060},
url = {https://www.sciencedirect.com/science/article/pii/S0360544222019557},
author = {Alastair Brown and Aoife Foley and David Laverty and Seán McLoone and Patrick Keatley},
}

@article{EnergyPlan,
title = {EnergyPLAN – Advanced analysis of smart energy systems},
journal = {Smart Energy},
volume = {1},
pages = {100007},
year = {2021},
issn = {2666-9552},
doi = {https://doi.org/10.1016/j.segy.2021.100007},
url = {https://www.sciencedirect.com/science/article/pii/S2666955221000071},
author = {Henrik Lund and Jakob Zinck Thellufsen and Poul Alberg Østergaard and Peter Sorknæs and Iva Ridjan Skov and Brian Vad Mathiesen}
}

@article{TESPy,
    doi = {10.21105/joss.02178},
    year = {2020},
    publisher = {The Open Journal},
    volume = {5},
    number = {49},
    pages = {2178},
    author = {Francesco Witte and Ilja Tuschy},
    title = {{TESPy}: {T}hermal {E}ngineering {S}ystems in {P}ython},
    journal = {Journal of Open Source Software}
}

@article{PyDHN,
    title = {Verification of an open-source Python library for the simulation of district heating networks with complex topologies},
	journal = {Energy},
	volume = {290},
	pages = {130169},
	year = {2024},
	issn = {0360-5442},
	doi = {https://doi.org/10.1016/j.energy.2023.130169},
	url = {https://www.sciencedirect.com/science/article/pii/S0360544223035636},
	author = {Roberto Boghetti and Jérôme H. Kämpf},
	keywords = {District energy systems, Heat grids, Simulation tools, Open-source software}
}

@article{pandapipes,
AUTHOR = {Lohmeier, Daniel and Cronbach, Dennis and Drauz, Simon Ruben and Braun, Martin and Kneiske, Tanja Manuela},
TITLE = {Pandapipes: An Open-Source Piping Grid Calculation Package for Multi-Energy Grid Simulations},
JOURNAL = {Sustainability},
VOLUME = {12},
YEAR = {2020},
NUMBER = {23},
ARTICLE-NUMBER = {9899},
URL = {https://www.mdpi.com/2071-1050/12/23/9899},
ISSN = {2071-1050},
DOI = {10.3390/su12239899}
}

@inproceedings{GridPenguin,
  title = {GridPenguin: A District Heating Network Simulator},
  author = {Jichen Wu and Rob J. Everhardt and Ksenija Stepanovic and Mathijs de Weerdt},
  url = {https://api.semanticscholar.org/CorpusID:268241997},
  year = {2022}
}

@article{OpenModelica,
title={The OpenModelica Integrated Environment for Modeling, Simulation, and Model-Based Development},
author={Fritzson, Peter and Pop, Adrian and Abdelhak, Karim and Ashgar, Adeel and Bachmann, Bernhard et al.},
journal={Modeling, Identification and Control},
volume={41},
number={4},
pages={241--295},
year={2020},
doi={10.4173/mic.2020.4.1},
publisher={Norwegian Society of Automatic Control}
}

@misc{Modelica,
author = {Modelica Association},
title = {Modelica Language},
url = {https://modelica.org/},
note = {Accessed: 21-05-2025},
year  = {2023},
}

@misc{EnergyPlus,
  author       = {National Renewable Energy Laboratory (NREL)},
  title        = {EnergyPlus™},
  url          = {https://www.osti.gov/biblio/1395882},
  place        = {United States},
  year         = {2017},
  month        = {09}
}

@misc{speedofsound,
  author       = {The Engineering Toolbox},
  title        = {Speed of Sound in Water},
  year         = {2004},
  url          = {https://www.engineeringtoolbox.com/sound-speed-water-d_598.html},
  note         = {Accessed: 23-05-2025}
}

@article{GUELPA2016586,
title = {Optimal operation of large district heating networks through fast fluid-dynamic simulation},
journal = {Energy},
volume = {102},
pages = {586-595},
year = {2016},
issn = {0360-5442},
doi = {https://doi.org/10.1016/j.energy.2016.02.058},
url = {https://www.sciencedirect.com/science/article/pii/S0360544216301098},
author = {Elisa Guelpa and Claudia Toro and Adriano Sciacovelli and Roberto Melli and Enrico Sciubba and Vittorio Verda},
}

@article{KECEBAS2012339,
title = {Thermal monitoring and optimization of geothermal district heating systems using artificial neural network: A case study},
journal = {Energy and Buildings},
volume = {50},
pages = {339-346},
year = {2012},
issn = {0378-7788},
doi = {https://doi.org/10.1016/j.enbuild.2012.04.002},
url = {https://www.sciencedirect.com/science/article/pii/S0378778812002046},
author = {Ali Keçebaş and İsmail Yabanova}
}

@ARTICLE{grey1,
  author={Lu, Shuai and Gao, Zihang and Sun, Yong and Zhang, Suhan and Li, Baoju and Hao, Chengliang and Xu, Yijun and Gu, Wei},
  journal={IEEE Transactions on Sustainable Energy}, 
  title={Aggregate Model of District Heating Network for Integrated Energy Dispatch: A Physically Informed Data-Driven Approach}, 
  year={2024},
  volume={15},
  number={3},
  pages={1859-1871},
  doi={10.1109/TSTE.2024.3383062}
}

@ARTICLE{grey2,
  author={de Giuli, Laura Boca and La Bella, Alessio and Scattolini, Riccardo},
  journal={IEEE Transactions on Control Systems Technology}, 
  title={Physics-Informed Neural Network Modeling and Predictive Control of District Heating Systems}, 
  year={2024},
  volume={32},
  number={4},
  pages={1182-1195},
  keywords={Thermal loading;Water heating;Predictive models;Mathematical models;Load modeling;Computational modeling;Numerical models;Heating systems;Nonlinear systems;Recurrent neural networks;District heating systems (DHSs);nonlinear model predictive control (NMPC);physics-informed recurrent neural networks (PI-RNNs)},
  doi={10.1109/TCST.2024.3355476}}

@article{sibeijn2025economic,
  title={Economic Nonlinear Model Predictive Control of Prosumer District Heating Networks: The Extended Version},
  author={Sibeijn, Max and Ahmed, Saeed and Khosravi, Mohammad and Keviczky, Tam{\'a}s},
  year={2025},
  url={http://arxiv.org/abs/2501.17597}
}

@article{NewtonenHard,
title = {Combined analysis of electricity and heat networks},
journal = {Applied Energy},
volume = {162},
pages = {1238-1250},
year = {2016},
issn = {0306-2619},
doi = {https://doi.org/10.1016/j.apenergy.2015.01.102},
url = {https://www.sciencedirect.com/science/article/pii/S0306261915001385},
author = {Xuezhi Liu and Jianzhong Wu and Nick Jenkins and Audrius Bagdanavicius}
}

@article{STEVANOVIC,
title = {Efficient numerical method for district heating system hydraulics},
journal = {Energy Conversion and Management},
volume = {48},
number = {5},
pages = {1536-1543},
year = {2007},
issn = {0196-8904},
doi = {https://doi.org/10.1016/j.enconman.2006.11.018},
url = {https://www.sciencedirect.com/science/article/pii/S0196890406003682},
author = {Vladimir D. Stevanovic and Sanja Prica and Blazenka Maslovaric and Branislav Zivkovic and Srdjan Nikodijevic}
}
@article{BENONYSSON1995297,
title = {Operational optimization in a district heating system},
journal = {Energy Conversion and Management},
volume = {36},
number = {5},
pages = {297-314},
year = {1995},
issn = {0196-8904},
doi = {https://doi.org/10.1016/0196-8904(95)98895-T},
url = {https://www.sciencedirect.com/science/article/pii/019689049598895T},
author = {Atli Benonysson and Benny Bøhm and Hans F. Ravn}
}

@article{LARSEN2002995,
title = {Aggregated dynamic simulation model of district heating networks},
journal = {Energy Conversion and Management},
volume = {43},
number = {8},
pages = {995-1019},
year = {2002},
issn = {0196-8904},
doi = {https://doi.org/10.1016/S0196-8904(01)00093-0},
url = {https://www.sciencedirect.com/science/article/pii/S0196890401000930},
author = {Helge V. Larsen and Halldór Pálsson and Benny Bøhm and Hans F. Ravn}
}